@incollection{Berrabah2007,
	Author = {Berrabah, D. and Boufares, F.},
	Booktitle = {Database and Expert Systems Applications},
	Date-Added = {2013-07-17 14:49:12 +0000},
	Date-Modified = {2013-07-17 14:51:11 +0000},
	Doi = {10.1007/978-3-540-74469-6_58},
	Editor = {Wagner, Roland and Revell, Norman and Pernul, Ganther},
	Isbn = {978-3-540-74467-2},
	Keywords = {conceptual schema; constraint translation; SQL; OCL},
	Pages = {593-602},
	Publisher = {Springer Berlin Heidelberg},
	Series = {Lecture Notes in Computer Science},
	Title = {Constraints Checking in UML Class Diagrams: SQL vs OCL},
	Url = {http://dx.doi.org/10.1007/978-3-540-74469-6_58},
	Volume = {4653},
	Year = {2007},
	Bdsk-Url-1 = {http://dx.doi.org/10.1007/978-3-540-74469-6_58}}
  

@inproceedings{Demuth2001,
	Acmid = {719455},
	Address = {London, UK, UK},
	Author = {Demuth, Birgit and Hussmann, Heinrich and Loecher, Sten},
	Booktitle = {Proc. 4th International Conference on The Unified Modeling Language, Modeling Languages, Concepts, and Tools},
	Date-Added = {2013-07-17 14:52:57 +0000},
	Date-Modified = {2013-07-17 15:00:59 +0000},
	Isbn = {3-540-42667-1},
	Numpages = {14},
	Pages = {104--117},
	Publisher = {Springer-Verlag},
	Series = {UML '01},
	Title = {OCL as a Specification Language for Business Rules in Database Applications},
	Url = {http://dl.acm.org/citation.cfm?id=647245.719455},
	Year = {2001},
	Bdsk-Url-1 = {http://dl.acm.org/citation.cfm?id=647245.719455}}

@inproceedings{EpsilonXML,
	Address = {{Copenhagen, Denmark}},
	Author = {{Dimitrios S. Kolovos, Louis M. Rose, Nicholas Matragkas, James Williams, Richard F. Paige}},
	Booktitle = {{Proc. 8th European Conference on Modeling Foundations and Applications}},
	Date-Added = {2013-04-01 08:39:28 +0000},
	Date-Modified = {2013-04-01 08:39:28 +0000},
	Month = {{July}},
	Title = {{A Lightweight Approach for Managing XML Documents with MDE Languages}},
	Year = {{2012}}}

@inproceedings{EpsilonSpreadsheets,
	Address = {{Miami, USA}},
	Author = {{Martins Francis, Dimitrios S. Kolovos, Nicholas Matragkas, Richard F. Paige}},
	Booktitle = {{Proc. ACM/IEEE 16th International Conference on Model Driven Engineering Languages and Systems (MoDELS)}},
	Month = {{October}},
	Title = {{Adding Spreadsheets to the MDE Toolbox}},
	Year = {{2013}}}

@ARTICLE{Heidenreich2007,
  title = "{A Framework for Generating Query Language Code from OCL Invariants}",
  author = "{Heidenreich, F. and Wende, C. and Demuth, B.}",
  journal = "{Electronic Communication of the European Association of Software Science and Technology}",
  year = "{2007}",
  volume = "{9}",
  number = "",
  pages = "",
  month = "",
  note = "",
}

@INPROCEEDINGS{Marder2009,
  title = "{A DBMS-based Approach for Automatic Checking of OCL Constraints}",
  author = "{U. Marder, N. Ritter, H.-P. Steiert}",
  booktitle = "{Proc. "Rigourous Modeling and Analysis with the UML: Challenges and Limitations, OOPSLA workshop}",
  year = "{2009}",
  editor = "",
  volume = "",
  series = "",
  pages = "",
  address = "",
  month = "",
  organization = "",
  publisher = "",
  note = "",
}

@INPROCEEDINGS{EpsilonICECCS,
  title = "{The Design of a Conceptual Framework and Technical Infrastructure for Model Management Language Engineering}",
  author = "{Richard F. Paige, Dimitrios S. Kolovos, Louis M. Rose, Nicholas Drivalos, Fiona A.C. Polack}",
  booktitle = "{Proc. 14th IEEE International Conference on Engineering of Complex Computer Systems}",
  year = "{2009}",
  editor = "",
  volume = "",
  series = "",
  pages = "",
  address = "{Potsdam, Germany}",
  month = "",
  organization = "",
  publisher = "",
  note = "",
}

@INPROCEEDINGS{EOL,
  title = "{The Epsilon Object Language}",
  author = "{Dimitrios S. Kolovos, Richard F.Paige and Fiona A.C. Polack}",
  booktitle = "{Proc. European Conference in Model Driven Architecture (EC-MDA) 2006}",
  year = "{2006}",
  editor = "",
  volume = "{4066}",
  series = "{LNCS}",
  pages = "{128-142}",
  address = "{Bilbao, Spain}",
  month = "{July}",
  organization = "",
  publisher = "",
  note = "",
}

@BOOK{EMF,
	title = "{EMF: Eclipse Modelling Framework}",
	author = "{Dave Steinberg, Frank Budinsky, Marcelo Paternostro, Ed Merks}",
	publisher = "{Addison-Wesley Professional}",
	year = "{2008}",
	volume = "",
	series = "{Eclipse Series}",
	address = "",
	edition = "{2}",
	month = "{December}",
	note = "",
}

@MISC{MDR,
	title = "{Meta Data Repository}",
	author = "{Sun Microsystems}",
	howpublished = "",
	month = "",
	year = "",
	note = "{http://mdr.netbeans.org}",
}

@BOOK{UzingZ,
	title = "{Using Z : Specification, Refinement, and Proof}",
	author = "{Jim Woodcock and Jim Davies}",
	publisher = "{Prentice Hall}",
	year = "{1996}",
	volume = "",
	series = "",
	address = "",
	edition = "",
	month = "{March}",
	note = "",
}

@MISC{CZT,
	title = "{Community Z Tools}",
	author = "",
	howpublished = "",
	month = "",
	year = "",
	note = "{http://czt.sourceforge.net}",
}

@MISC{ANT,
	title = "{The Apache Ant Project}",
	author = "",
	howpublished = "",
	month = "",
	year = "",
	note = "{http://ant.apache.org}",
}

@INPROCEEDINGS{EpsilonWorkflow,
	title = "{A Framework for Composing Modular and Interoperable Model Management Tasks}",
	author = "{Dimitrios S. Kolovos, Richard F. Paige, Fiona A.C. Polack}",
	booktitle = "{Proc. Workshop on Model Driven Tool and Process Integration (MDTPI), ECMDA}",
	year = "{2008}",
	editor = "",
	volume = "",
	series = "",
	pages = "",
	address = "{Berlin, Germany}",
	month = "{June}",
	organization = "",
	publisher = "",
	note = "",
}

